% This file was created with JabRef 2.8.1.
% Encoding: UTF8

@BOOK{Vajani,
  title = {Statistica descrittiva},
  year = {1983},
  editor = {Etas Libri},
  author = {Luigi Vajani},
  number = {1},
  pages = {567},
  series = {Scienze matematiche e statistiche},
  owner = {claudio},
  timestamp = {2012.09.11}
}

@comment{jabref-meta: selector_review:}

@comment{jabref-meta: selector_publisher:}

@comment{jabref-meta: selector_author:}

@comment{jabref-meta: selector_journal:}

@comment{jabref-meta: selector_keywords:}

